<?xml version="1.0" encoding="UTF-8"?><collection xmlns="http://www.loc.gov/MARC21/slim"><record><leader>00366nam--2200121-i-4500</leader><controlfield tag="001">000042861</controlfield><controlfield tag="002">20161230</controlfield><controlfield tag="005">20161230201043</controlfield><controlfield tag="008">060222s1000------------r-----000-0-eng-d</controlfield><datafield ind1=" " ind2=" " tag="100"><subfield code="a">Stephens,G.L</subfield></datafield><datafield ind1=" " ind2=" " tag="245"><subfield code="a">Radio interference suppressiion. as applied to radio and television reception. second edition</subfield></datafield><datafield ind1=" " ind2=" " tag="260"><subfield code="a">London, Iliffe &amp; Sons, Ltd.,1952. 132 P</subfield></datafield><datafield ind1=" " ind2=" " tag="852"><subfield code="a">14992</subfield></datafield></record></collection>